@article{waller,
author = {Waller, D and Hunt, E and Knapp, D},
journal = {Presence: Teleoperators and virtual environments},
title = {{The transfer of spatial knowledge in virtual environment training.}},
year = {1994}
}
@article{coxon,
author = {Coxon, M and Kelly, N and Page, S},
journal = {Virtual Reality},
title = {{Individual differences in virtual reality: Are spatial presence and spatial ability linked?}},
year = {2016}
}
@article{osberg,
author = {Osberg, Kimberley},
journal = {University of Washington},
title = {{Spatial Cognition in the Virtual Environment}},
year = {1993}
}
@book{gleick,
author = {Gleick, James},
publisher = {Penguin Books},
title = {{Chaos}},
year = {1987}
}
@article{regian,
author = {Regian, J Wesley and Shebilske, Wayne L and Monk, John M},
journal = {Journal of Communications},
title = {{Virtual Reality: An Instructional Medium for Visual-Spatial Tasks}},
year = {1990}
}
@article{stone,
author = {Stone, Robert and Caird-Daley, Antoinette and Bessell, Kevin},
journal = {Virtual Reality},
title = {{SubSafe: A Games-Based Training System for Submarine Safety and Spatial Awareness}},
year = {2009}
}
@article{downs,
author = {Downs, Roger M and Stea, David},
journal = {Image and environment: Cognitive mapping and spatial behaviour},
title = {{Cognitive Maps and Spatial Behaviour: Process and Products}},
year = {1973}
}
@article{siegel,
author = {Siegel, Alexander W and White, Sheldon H},
journal = {Advances in Child Development and Behavior},
title = {{The Development of Spatial Representations of Large-Scale Environments}},
year = {1975}
}
@article{smith,
author = {Smith, Terence R and Pellegrino, James W and Golledge, Reginald G},
doi = {10.1111/j.1538-4632.1982.tb00750.x},
issn = {1538-4632},
journal = {Geographical Analysis},
number = {4},
pages = {305--325},
publisher = {Blackwell Publishing Ltd},
title = {{Computational Process Modeling of Spatial Cognition and Behavior}},
volume = {14},
year = {1982}
}
@article{hussein,
author = {{S Hussain}, Talib and Roberts, Bruce and Bowers, Clint and Cannon-Bowers, Janis and Menaker, Ellen and Coleman, Susan and Murphy, Curtiss and Pounds, Kelly and Koenig, Alan and Wainess, Richard and Lee, John},
journal = {Interservice/Industry Training, Simulation, and Education Conference},
title = {{Designing and Developing Effective Training Games for the US Navy}},
year = {2009}
}
@article{kirlik,
author = {Kirlik, A and Fisk, A and Walker, N and Rothrock, L},
institution = {American Psychological Association},
journal = {Making decisions under stress: Implications for individual and team training},
title = {{Feedback augmentation and part-task practice in training dynamic decision-making skills}},
year = {1998}
}
@article{steuer,
author = {Steuer, Jonathan},
journal = {Journal of Communication},
title = {{Defining Virtual Reality: Dimensions Determining Telepresence}},
year = {1992}
}
@article{godden,
author = {Godden, D R and Baddeley, D},
journal = {Department of Psychology, University of Stirling},
title = {{Context-Dependent Memory In Two Natural Environments: On Land and Underwater}},
year = {1975}
}
@article{wallet,
author = {Wallet, Gregory and Sauzeon, Helene and Rodrigues, Jerome and N'Kaoua, Bernard},
journal = {Journal of Virtual Reality and Broadcasting},
title = {{Transfer of spatial knowledge from a virtual environment to reality: Impact of route complexity and subject's strategy on the exploration mode}},
year = {2009}
}
@article{goldstein,
author = {Goldstein, I L and Ford, J K},
journal = {CA: Wadsworth/Thomson Learning},
title = {{Training in organizations: Needs assessment, development, and evaluation}},
year = {2002}
}
@article{price,
author = {Price, Aaron},
journal = {Journal of Science Education and Technology},
title = {{The Effect of Two-Dimensional and Stereoscopic Presentation on Middle School Students' Performance of Spatial Cognition Tasks}},
year = {2010}
}
